@article{hoare:68,
  author = {C. A. R. Hoare},
  title  = {An Axiomatic Basis for Computer Programming},
  year   = {1968}
}
